@article{ishida11_effic_excit_energ_trans_react,
  author =       {Yohei Ishida and Tetsuya Shimada and Dai Masui and Hiroshi
                  Tachibana and Haruo Inoue and Shinsuke Takagi},
  title =        {Efficient Excited Energy Transfer Reaction in Clay/porphyrin
                  Complex Toward an Artificial Light-Harvesting System},
  journal =      {Journal of the American Chemical Society},
  volume =       133,
  number =       36,
  pages =        {14280-14286},
  year =         2011,
  doi =          {10.1021/ja204425u},
  url =          {https://doi.org/10.1021/ja204425u},
  DATE_ADDED =   {Tue Feb 4 22:20:14 2020},
}

@article{tretiak02_densit_matrix_analy_simul_elect,
  author =       {Sergei Tretiak and Shaul Mukamel},
  title =        {Density Matrix Analysis and Simulation of Electronic
                  Excitations in Conjugated and Aggregated Molecules},
  journal =      {Chemical Reviews},
  volume =       102,
  number =       9,
  pages =        {3171-3212},
  year =         2002,
  doi =          {10.1021/cr0101252},
  url =          {https://doi.org/10.1021/cr0101252},
  DATE_ADDED =   {Wed Feb 5 12:21:39 2020},
}

@article{chernyak2000density,
  title={Density-matrix representation of nonadiabatic couplings in time-dependent density functional (TDDFT) theories},
  author={Chernyak, Vladimir and Mukamel, Shaul},
  journal={The Journal of Chemical Physics},
  volume={112},
  number={8},
  pages={3572--3579},
  year={2000},
  publisher={American Institute of Physics}
}

@article{tommasini2001electronic,
  title={Electronic density-matrix algorithm for nonadiabatic couplings in molecular dynamics simulations},
  author={Tommasini, MATTEO and Chernyak, V and Mukamel, S},
  journal={International Journal of Quantum Chemistry},
  volume={85},
  number={4-5},
  pages={225--238},
  year={2001},
  publisher={Wiley Online Library}
}

@article{nelson2020non,
  title={Non-adiabatic Excited-State Molecular Dynamics: Theory and Applications for Modeling Photophysics in Extended Molecular Materials},
  author={Nelson, Tammie R and White, Alexander J and Bjorgaard, Josiah A and Sifain, Andrew E and Zhang, Yu and Nebgen, Benjamin and Fernandez-Alberti, Sebastian and Mozyrsky, Dmitry and Roitberg, Adrian E and Tretiak, Sergei},
  journal={Chemical Reviews},
  volume={120},
  number={4},
  pages={2215--2287},
  year={2020},
  publisher={ACS Publications}
}

@article{karabunarliev2000rigorous,
  title={Rigorous Franck--Condon absorption and emission spectra of conjugated oligomers from quantum chemistry},
  author={Karabunarliev, Stoyan and Baumgarten, Martin and Bittner, Eric R and M{\"u}llen, Klaus},
  journal={The Journal of Chemical Physics},
  volume={113},
  number={24},
  pages={11372--11381},
  year={2000},
  publisher={American Institute of Physics}
}

@article{karabunarliev2000adiabatic,
  title={Adiabatic one-and two-photon excited states in phenylene-based conjugated oligomers: a quantum-chemical study},
  author={Karabunarliev, Stoyan and Baumgarten, Martin and M{\"u}llen, Klaus},
  journal={The Journal of Physical Chemistry A},
  volume={104},
  number={35},
  pages={8236--8243},
  year={2000},
  publisher={ACS Publications}
}

@article{tretiak2003resonant,
  title={Resonant nonlinear polarizabilities in the time-dependent density functional theory},
  author={Tretiak, S and Chernyak, V},
  journal={The Journal of chemical physics},
  volume={119},
  number={17},
  pages={8809--8823},
  year={2003},
  publisher={American Institute of Physics}
}

@article{nelson2011nonadiabatic,
  title={Nonadiabatic excited-state molecular dynamics modeling of photoinduced dynamics in conjugated molecules},
  author={Nelson, Tammie and Fernandez-Alberti, Sebastian and Chernyak, Vladimir and Roitberg, Adrian E and Tretiak, Sergei},
  journal={The Journal of Physical Chemistry B},
  volume={115},
  number={18},
  pages={5402--5414},
  year={2011},
  publisher={ACS Publications}
}

@article{panda2013electronically,
  title={Electronically excited states in poly (p-phenylenevinylene): vertical excitations and torsional potentials from high-level ab initio calculations},
  author={Panda, Aditya N and Plasser, Felix and Aquino, Adelia JA and Burghardt, Irene and Lischka, Hans},
  journal={The Journal of Physical Chemistry A},
  volume={117},
  number={10},
  pages={2181--2189},
  year={2013},
  publisher={ACS Publications}
}

@article{barford2011ultrafast,
  title={Ultrafast dynamical localization of photoexcited states in conformationally disordered poly (p-phenylenevinylene)},
  author={Barford, William and Boczarow, Igor and Wharram, Thomas},
  journal={The Journal of Physical Chemistry A},
  volume={115},
  number={33},
  pages={9111--9119},
  year={2011},
  publisher={ACS Publications}
}
