@article{ishida11_effic_excit_energ_trans_react,
  author =       {Yohei Ishida and Tetsuya Shimada and Dai Masui and Hiroshi
                  Tachibana and Haruo Inoue and Shinsuke Takagi},
  title =        {Efficient Excited Energy Transfer Reaction in Clay/porphyrin
                  Complex Toward an Artificial Light-Harvesting System},
  journal =      {Journal of the American Chemical Society},
  volume =       133,
  number =       36,
  pages =        {14280-14286},
  year =         2011,
  doi =          {10.1021/ja204425u},
  url =          {https://doi.org/10.1021/ja204425u},
  DATE_ADDED =   {Tue Feb 4 22:20:14 2020},
}

@article{tretiak02_densit_matrix_analy_simul_elect,
  author =       {Sergei Tretiak and Shaul Mukamel},
  title =        {Density Matrix Analysis and Simulation of Electronic
                  Excitations in Conjugated and Aggregated Molecules},
  journal =      {Chemical Reviews},
  volume =       102,
  number =       9,
  pages =        {3171-3212},
  year =         2002,
  doi =          {10.1021/cr0101252},
  url =          {https://doi.org/10.1021/cr0101252},
  DATE_ADDED =   {Wed Feb 5 12:21:39 2020},
}

@article{chernyak2000density,
  title={Density-matrix representation of nonadiabatic couplings in time-dependent density functional (TDDFT) theories},
  author={Chernyak, Vladimir and Mukamel, Shaul},
  journal={The Journal of Chemical Physics},
  volume={112},
  number={8},
  pages={3572--3579},
  year={2000},
  publisher={American Institute of Physics}
}

@article{tommasini2001electronic,
  title={Electronic density-matrix algorithm for nonadiabatic couplings in molecular dynamics simulations},
  author={Tommasini, MATTEO and Chernyak, V and Mukamel, S},
  journal={International Journal of Quantum Chemistry},
  volume={85},
  number={4-5},
  pages={225--238},
  year={2001},
  publisher={Wiley Online Library}
}

@article{nelson2020non,
  title={Non-adiabatic Excited-State Molecular Dynamics: Theory and Applications for Modeling Photophysics in Extended Molecular Materials},
  author={Nelson, Tammie R and White, Alexander J and Bjorgaard, Josiah A and Sifain, Andrew E and Zhang, Yu and Nebgen, Benjamin and Fernandez-Alberti, Sebastian and Mozyrsky, Dmitry and Roitberg, Adrian E and Tretiak, Sergei},
  journal={Chemical Reviews},
  volume={120},
  number={4},
  pages={2215--2287},
  year={2020},
  publisher={ACS Publications}
}

@article{karabunarliev2000rigorous,
  title={Rigorous Franck--Condon absorption and emission spectra of conjugated oligomers from quantum chemistry},
  author={Karabunarliev, Stoyan and Baumgarten, Martin and Bittner, Eric R and M{\"u}llen, Klaus},
  journal={The Journal of Chemical Physics},
  volume={113},
  number={24},
  pages={11372--11381},
  year={2000},
  publisher={American Institute of Physics}
}

@article{karabunarliev2000adiabatic,
  title={Adiabatic one-and two-photon excited states in phenylene-based conjugated oligomers: a quantum-chemical study},
  author={Karabunarliev, Stoyan and Baumgarten, Martin and M{\"u}llen, Klaus},
  journal={The Journal of Physical Chemistry A},
  volume={104},
  number={35},
  pages={8236--8243},
  year={2000},
  publisher={ACS Publications}
}

@article{tretiak2003resonant,
  title={Resonant nonlinear polarizabilities in the time-dependent density functional theory},
  author={Tretiak, S and Chernyak, V},
  journal={The Journal of chemical physics},
  volume={119},
  number={17},
  pages={8809--8823},
  year={2003},
  publisher={American Institute of Physics}
}

@article{nelson2011nonadiabatic,
  title={Nonadiabatic excited-state molecular dynamics modeling of photoinduced dynamics in conjugated molecules},
  author={Nelson, Tammie and Fernandez-Alberti, Sebastian and Chernyak, Vladimir and Roitberg, Adrian E and Tretiak, Sergei},
  journal={The Journal of Physical Chemistry B},
  volume={115},
  number={18},
  pages={5402--5414},
  year={2011},
  publisher={ACS Publications}
}

@article{panda2013electronically,
  title={Electronically excited states in poly (p-phenylenevinylene): vertical excitations and torsional potentials from high-level ab initio calculations},
  author={Panda, Aditya N and Plasser, Felix and Aquino, Adelia JA and Burghardt, Irene and Lischka, Hans},
  journal={The Journal of Physical Chemistry A},
  volume={117},
  number={10},
  pages={2181--2189},
  year={2013},
  publisher={ACS Publications}
}

@article{barford2011ultrafast,
  title={Ultrafast dynamical localization of photoexcited states in conformationally disordered poly (p-phenylenevinylene)},
  author={Barford, William and Boczarow, Igor and Wharram, Thomas},
  journal={The Journal of Physical Chemistry A},
  volume={115},
  number={33},
  pages={9111--9119},
  year={2011},
  publisher={ACS Publications}
}

@article{tully1990molecular,
  title={Molecular dynamics with electronic transitions},
  author={Tully, John C},
  journal={The Journal of Chemical Physics},
  volume={93},
  number={2},
  pages={1061--1071},
  year={1990},
  publisher={American Institute of Physics}
}

@book{born1954dynamical,
  title={Dynamical theory of crystal lattices},
  author={Born, Max and Huang, Kun},
  year={1954},
  publisher={Clarendon press}
}

@article{born1927quantentheorie,
  title={Zur quantentheorie der molekeln},
  author={Born, Max and Oppenheimer, Robert},
  journal={Annalen der physik},
  volume={389},
  number={20},
  pages={457--484},
  year={1927},
  publisher={Wiley Online Library}
}

@book{joos2013decoherence,
  title={Decoherence and the appearance of a classical world in quantum theory},
  author={Joos, Erich and Zeh, H Dieter and Kiefer, Claus and Giulini, Domenico JW and Kupsch, Joachim and Stamatescu, Ion-Olimpiu},
  year={2013},
  publisher={Springer Science \& Business Media}
}

@misc{landry2011communication,
  title={Communication: Standard surface hopping predicts incorrect scaling for Marcus’ golden-rule rate: The decoherence problem cannot be ignored},
  author={Landry, Brian R and Subotnik, Joseph E},
  year={2011},
  publisher={American Institute of Physics}
}

@article{prezhdo1997evaluation,
  title={Evaluation of quantum transition rates from quantum-classical molecular dynamics simulations},
  author={Prezhdo, Oleg V and Rossky, Peter J},
  journal={The Journal of chemical physics},
  volume={107},
  number={15},
  pages={5863--5878},
  year={1997},
  publisher={American Institute of Physics}
}

@article{habershon2013ring,
  title={Ring-polymer molecular dynamics: Quantum effects in chemical dynamics from classical trajectories in an extended phase space},
  author={Habershon, Scott and Manolopoulos, David E and Markland, Thomas E and Miller III, Thomas F},
  journal={Annual review of physical chemistry},
  volume={64},
  pages={387--413},
  year={2013},
  publisher={Annual Reviews}
}

@article{kapral2006progress,
  title={Progress in the theory of mixed quantum-classical dynamics},
  author={Kapral, Raymond},
  journal={Annu. Rev. Phys. Chem.},
  volume={57},
  pages={129--157},
  year={2006},
  publisher={Annual Reviews}
}

@article{silva2010benchmark,
  title={Benchmark of electronically excited states for semiempirical methods: Mndo, AM1, PM3, OM1, OM2, OM3, INDO/S, and INDO/S2},
  author={Silva-Junior, Mario R and Thiel, Walter},
  journal={Journal of chemical theory and computation},
  volume={6},
  number={5},
  pages={1546--1564},
  year={2010},
  publisher={ACS Publications}
}

@article{moran2003excited,
  title={Excited state molecular dynamics simulations of nonlinear push--pull chromophores},
  author={Moran, Andrew M and Kelley, Anne Myers and Tretiak, Sergei},
  journal={Chemical physics letters},
  volume={367},
  number={3-4},
  pages={293--307},
  year={2003},
  publisher={Elsevier}
}

@article{tavernelli2010nonadiabatic,
  title={Nonadiabatic coupling vectors for excited states within time-dependent density functional theory in the tamm--Dancoff approximation and beyond},
  author={Tavernelli, Ivano and Curchod, Basile FE and Laktionov, Andrey and Rothlisberger, Ursula},
  journal={The Journal of chemical physics},
  volume={133},
  number={19},
  pages={194104},
  year={2010},
  publisher={American Institute of Physics}
}

@article{ou2015first,
  title={First-order derivative couplings between excited states from adiabatic TDDFT response theory},
  author={Ou, Qi and Bellchambers, Gregory D and Furche, Filipp and Subotnik, Joseph E},
  journal={The Journal of chemical physics},
  volume={142},
  number={6},
  pages={064114},
  year={2015},
  publisher={AIP Publishing LLC}
}

@article{marcus1956electrostatic,
  title={Electrostatic free energy and other properties of states having nonequilibrium polarization. I},
  author={Marcus, Rudolph A},
  journal={The journal of chemical physics},
  volume={24},
  number={5},
  pages={979--989},
  year={1956},
  publisher={American Institute of Physics}
}

@article{martin1998hydrolysis,
  title={Hydrolysis of ferric ion in water and conformational equilibrium},
  author={Martin, Richard L and Hay, P Jeffrey and Pratt, Lawrence R},
  journal={The Journal of Physical Chemistry A},
  volume={102},
  number={20},
  pages={3565--3573},
  year={1998},
  publisher={ACS Publications}
}

@article{park2013tailored,
  title={Tailored electronic structure and optical properties of conjugated systems through aggregates and dipole--dipole interactions},
  author={Park, Young Il and Kuo, Cheng-Yu and Martinez, Jennifer S and Park, Young-Shin and Postupna, Olena and Zhugayevych, Andriy and Kim, Seungho and Park, Jongwook and Tretiak, Sergei and Wang, Hsing-Lin},
  journal={ACS applied materials \& interfaces},
  volume={5},
  number={11},
  pages={4685--4695},
  year={2013},
  publisher={ACS Publications}
}

@article{schwartz1992direct,
  title={Direct observation of fast proton transfer: femtosecond photophysics of 3-hydroxyflavone},
  author={Schwartz, Benjamin J and Peteanu, Linda A and Harris, Charles B},
  journal={The Journal of Physical Chemistry},
  volume={96},
  number={9},
  pages={3591--3598},
  year={1992},
  publisher={ACS Publications}
}

@article{bayliss1954solvent,
  title={Solvent effects in organic spectra: dipole forces and the Franck--Condon principle},
  author={Bayliss, Noel S and McRae, Elon G},
  journal={The Journal of Physical Chemistry},
  volume={58},
  number={11},
  pages={1002--1006},
  year={1954},
  publisher={ACS Publications}
}

@article{warshel1976theoretical,
  title={Theoretical studies of enzymic reactions: dielectric, electrostatic and steric stabilization of the carbonium ion in the reaction of lysozyme},
  author={Warshel, Arieh and Levitt, Michael},
  journal={Journal of molecular biology},
  volume={103},
  number={2},
  pages={227--249},
  year={1976},
  publisher={Elsevier}
}

@article{weingart2012modelling,
  title={Modelling vibrational coherence in the primary rhodopsin photoproduct},
  author={Weingart, Oliver and Garavelli, M},
  journal={The Journal of chemical physics},
  volume={137},
  number={22},
  pages={22A523},
  year={2012},
  publisher={American Institute of Physics}
}


@article{demoulin2017fine,
  title={Fine tuning of retinal photoinduced decay in solution},
  author={Demoulin, Baptiste and Altavilla, Salvatore Flavio and Rivalta, Ivan and Garavelli, Marco},
  journal={The journal of physical chemistry letters},
  volume={8},
  number={18},
  pages={4407--4412},
  year={2017},
  publisher={ACS Publications}
}

@article{shenai2016internal,
  title={Internal conversion and vibrational energy redistribution in Chlorophyll A},
  author={Shenai, Prathamesh M and Fernandez-Alberti, Sebastian and Bricker, William P and Tretiak, Sergei and Zhao, Yang},
  journal={The Journal of Physical Chemistry B},
  volume={120},
  number={1},
  pages={49--58},
  year={2016},
  publisher={ACS Publications}
}


@article{barbatti2011nonadiabatic,
  title={Nonadiabatic dynamics with trajectory surface hopping method},
  author={Barbatti, Mario},
  journal={Wiley Interdisciplinary Reviews: Computational Molecular Science},
  volume={1},
  number={4},
  pages={620--633},
  year={2011},
  publisher={Wiley Online Library}
}

@article{nelson2012nonadiabatic,
  title={Nonadiabatic excited-state molecular dynamics: Numerical tests of convergence and parameters},
  author={Nelson, Tammie and Fernandez-Alberti, Sebastian and Chernyak, Vladimir and Roitberg, Adrian E and Tretiak, Sergei},
  journal={The Journal of chemical physics},
  volume={136},
  number={5},
  pages={054108},
  year={2012},
  publisher={American Institute of Physics}
}

@article{paterlini1998constant,
  title={Constant temperature simulations using the Langevin equation with velocity Verlet integration},
  author={Paterlini, M Germana and Ferguson, David M},
  journal={Chemical Physics},
  volume={236},
  number={1-3},
  pages={243--252},
  year={1998},
  publisher={Elsevier}
}

@article{niklasson2006time,
  title={Time-reversible Born-Oppenheimer molecular dynamics},
  author={Niklasson, Anders MN and Tymczak, CJ and Challacombe, Matt},
  journal={Physical review letters},
  volume={97},
  number={12},
  pages={123001},
  year={2006},
  publisher={APS}
}
 
@article{fang1999improvement,
  title={Improvement of the internal consistency in trajectory surface hopping},
  author={Fang, Jian-Yun and Hammes-Schiffer, Sharon},
  journal={The Journal of Physical Chemistry A},
  volume={103},
  number={47},
  pages={9399--9407},
  year={1999},
  publisher={ACS Publications}
}

@article{tretiak2009representation,
  title={Representation independent algorithms for molecular response calculations in time-dependent self-consistent field theories},
  author={Tretiak, Sergei and Isborn, Christine M and Niklasson, Anders MN and Challacombe, Matt},
  journal={The Journal of chemical physics},
  volume={130},
  number={5},
  pages={054111},
  year={2009},
  publisher={American Institute of Physics}
}

@article{tretiak1996collective,
  title={Collective electronic oscillators for nonlinear optical response of conjugated molecules},
  author={Tretiak, Sergei and Chernyak, Vladimir and Mukamel, Shaul},
  journal={Chemical physics letters},
  volume={259},
  number={1-2},
  pages={55--61},
  year={1996},
  publisher={Elsevier}
}

@article{wu2006exciton,
  title={Exciton scattering and localization in branched dendrimeric structures},
  author={Wu, Chao and Malinin, Sergey V and Tretiak, Sergei and Chernyak, Vladimir Y},
  journal={Nature Physics},
  volume={2},
  number={9},
  pages={631--635},
  year={2006},
  publisher={Nature Publishing Group}
}

@article{alfonso2016interference,
  title={Interference of interchromophoric energy-transfer pathways in $\pi$-conjugated macrocycles},
  author={Alfonso Hernandez, Laura and Nelson, Tammie and Gelin, Maxim F and Lupton, John M and Tretiak, Sergei and Fernandez-Alberti, Sebastian},
  journal={The journal of physical chemistry letters},
  volume={7},
  number={23},
  pages={4936--4944},
  year={2016},
  publisher={ACS Publications}
}

@article{mukamel1997electronic,
  title={Electronic coherence and collective optical excitations of conjugated molecules},
  author={Mukamel, Shaul and Tretiak, Sergei and Wagersreiter, Thomas and Chernyak, Vladimir},
  journal={Science},
  volume={277},
  number={5327},
  pages={781--787},
  year={1997},
  publisher={American Association for the Advancement of Science}
}

@article{vincent2016little,
  title={That Little Extra Kick: Nonadiabatic Effects in Acetaldehyde Photodissociation},
  author={Vincent, Jordan C and Muuronen, Mikko and Pearce, Kirk C and Mohanam, Luke N and Tapavicza, Enrico and Furche, Filipp},
  journal={The journal of physical chemistry letters},
  volume={7},
  number={20},
  pages={4185--4190},
  year={2016},
  publisher={ACS Publications}
}

@article{katan2005effects,
  title={Effects of (multi) branching of dipolar chromophores on photophysical properties and two-photon absorption},
  author={Katan, Claudine and Terenziani, Francesca and Mongin, Olivier and Werts, Martinus HV and Porres, Laurent and Pons, Thomas and Mertz, Jerome and Tretiak, Sergei and Blanchard-Desce, Mireille},
  journal={The Journal of Physical Chemistry A},
  volume={109},
  number={13},
  pages={3024--3037},
  year={2005},
  publisher={ACS Publications}
}
@article{dykstra2009conformational,
  title={Conformational disorder and ultrafast exciton relaxation in PPV-family conjugated polymers},
  author={Dykstra, Tieneke E and Hennebicq, Emmanuelle and Beljonne, David and Gierschner, Johannes and Claudio, Gil and Bittner, Eric R and Knoester, Jasper and Scholes, Gregory D},
  journal={The Journal of Physical Chemistry B},
  volume={113},
  number={3},
  pages={656--667},
  year={2009},
  publisher={ACS Publications}
}

@article{nelson2018coherent,
  title={Coherent exciton-vibrational dynamics and energy transfer in conjugated organics},
  author={Nelson, Tammie R and Ondarse-Alvarez, Dianelys and Oldani, Nicolas and Rodriguez-Hernandez, Beatriz and Alfonso-Hernandez, Laura and Galindo, Johan F and Kleiman, Valeria D and Fernandez-Alberti, Sebastian and Roitberg, Adrian E and Tretiak, Sergei},
  journal={Nature communications},
  volume={9},
  number={1},
  pages={1--9},
  year={2018},
  publisher={Nature Publishing Group}
}

@article{rozzi2013quantum,
  title={Quantum coherence controls the charge separation in a prototypical artificial light-harvesting system},
  author={Rozzi, Carlo Andrea and Falke, Sarah Maria and Spallanzani, Nicola and Rubio, Angel and Molinari, Elisa and Brida, Daniele and Maiuri, Margherita and Cerullo, Giulio and Schramm, Heiko and Christoffers, Jens and others},
  journal={Nature communications},
  volume={4},
  number={1},
  pages={1--7},
  year={2013},
  publisher={Nature Publishing Group}
}

@article{soler2012analysis,
  title={Analysis of state-specific vibrations coupled to the unidirectional energy transfer in conjugated dendrimers},
  author={Soler, Miguel A and Roitberg, Adrian E and Nelson, Tammie and Tretiak, Sergei and Fernandez-Alberti, Sebastian},
  journal={The Journal of Physical Chemistry A},
  volume={116},
  number={40},
  pages={9802--9810},
  year={2012},
  publisher={ACS Publications}
}

@article{soler2014signature,
  title={Signature of nonadiabatic coupling in excited-state vibrational modes},
  author={Soler, Miguel A and Nelson, Tammie and Roitberg, Adrian E and Tretiak, Sergei and Fernandez-Alberti, Sebastian},
  journal={The Journal of Physical Chemistry A},
  volume={118},
  number={45},
  pages={10372--10379},
  year={2014},
  publisher={ACS Publications}
}

@article{bagchi1989dynamics,
  title={Dynamics of solvation and charge transfer reactions in dipolar liquids},
  author={Bagchi, Biman},
  journal={Annual Review of Physical Chemistry},
  volume={40},
  number={1},
  pages={115--141},
  year={1989},
  publisher={Annual Reviews 4139 El Camino Way, PO Box 10139, Palo Alto, CA 94303-0139, USA}
}

@article{woo2005solvent,
  title={Solvent effects on the two-photon absorption of distyrylbenzene chromophores},
  author={Woo, Han Young and Liu, Bin and Kohler, Bernhard and Korystov, Dmitry and Mikhailovsky, Alexander and Bazan, Guillermo C},
  journal={Journal of the American Chemical Society},
  volume={127},
  number={42},
  pages={14721--14729},
  year={2005},
  publisher={ACS Publications}
}

@article{sifain2018photoexcited,
  title={Photoexcited nonadiabatic dynamics of solvated push--pull $\pi$-conjugated oligomers with the NEXMD software},
  author={Sifain, Andrew E and Bjorgaard, Josiah A and Nelson, Tammie R and Nebgen, Benjamin T and White, Alexander J and Gifford, Brendan J and Gao, David W and Prezhdo, Oleg V and Fernandez-Alberti, Sebastian and Roitberg, Adrian E and others},
  journal={Journal of chemical theory and computation},
  volume={14},
  number={8},
  pages={3955--3966},
  year={2018},
  publisher={ACS Publications}
}

@article{send2010first,
  title={First-order nonadiabatic couplings from time-dependent hybrid density functional response theory: Consistent formalism, implementation, and performance},
  author={Send, Robert and Furche, Filipp},
  journal={The Journal of chemical physics},
  volume={132},
  number={4},
  pages={044107},
  year={2010},
  publisher={American Institute of Physics}
}

@article{tully2012perspective,
  title={Perspective: Nonadiabatic dynamics theory},
  author={Tully, John C},
  journal={The Journal of chemical physics},
  volume={137},
  number={22},
  pages={22A301},
  year={2012},
  publisher={American Institute of Physics}
}

@article{nelson2013nonadiabatic,
  title={Nonadiabatic excited-state molecular dynamics: Treatment of electronic decoherence},
  author={Nelson, Tammie and Fernandez-Alberti, Sebastian and Roitberg, Adrian E and Tretiak, Sergei},
  journal={The Journal of chemical physics},
  volume={138},
  number={22},
  pages={224111},
  year={2013},
  publisher={American Institute of Physics}
}

@article{zheng2017photoinduced,
  title={Photoinduced intra-and intermolecular energy transfer in chlorophyll a dimer},
  author={Zheng, Fulu and Fernandez-Alberti, Sebastian and Tretiak, Sergei and Zhao, Yang},
  journal={The Journal of Physical Chemistry B},
  volume={121},
  number={21},
  pages={5331--5339},
  year={2017},
  publisher={ACS Publications}
}


@article{nelson2014nonadiabatic,
  title={Nonadiabatic excited-state molecular dynamics: Modeling photophysics in organic conjugated materials},
  author={Nelson, Tammie and Fernandez-Alberti, Sebastian and Roitberg, Adrian E and Tretiak, Sergei},
  journal={Accounts of chemical research},
  volume={47},
  number={4},
  pages={1155--1164},
  year={2014},
  publisher={ACS Publications}
}

@misc{case2020a,
  author = {Case, D.A. and Belfon, K. and Ben-Shalom, I.Y. and Brozell, S.R. and Cerutti, D.S. and T.E. Cheatham, III, V.W.D.Cruzeiro and Darden, T.A. and Duke, R.E. and Giambasu, G. and Gilson, M.K. and Gohlke, H. and Goetz, A.W. and Harris, R. and Izadi, S. and Izmailov, S.A. and Kasavajhala, K. and Kovalenko, A. and Krasny, R. and Kurtzman, T. and Lee, T.S. and LeGrand, S. and Li, P. and Lin, C. and Liu, J. and Luchko, T. and Luo, R. and Man, V. and Merz, K.M. and Miao, Y. and Mikhailovskii, O. and Monard, G. and Nguyen, H. and Onufriev, A. and F.Pan, S.Pantano and Qi, R. and Roe, D.R. and Roitberg, A. and Sagui, C. and Schott-Verdugo, S. and Shen, J. and Simmerling, C. and N.R.Skrynnikov, J.Smith and Swails, J. and Walker, R.C. and Wang, J. and Wilson, L. and Wolf, R.M. and Wu, X. and Xiong, Y. and Xue, Y. and York, D.M. and Kollman, P.A.},
  year = {2020},
  publisher = {University of California},
  address = {San Francisco}
}

@article{cruzeiro2020exploring,
  title={Exploring Coupled Redox and pH Processes with a Force-Field-Based Approach: Applications to Five Different Systems},
  author={Cruzeiro, Vin{\'\i}cius Wilian D and Feliciano, Gustavo Troiano and Roitberg, Adrian E},
  journal={Journal of the American Chemical Society},
  volume={142},
  number={8},
  pages={3823--3835},
  year={2020},
  publisher={ACS Publications}
}

@article{ghoreishi2019fast,
  title={Fast Implementation of the Nudged Elastic Band Method in AMBER},
  author={Ghoreishi, Delaram and Cerutti, David S and Fallon, Zachary and Simmerling, Carlos and Roitberg, Adrian E},
  journal={Journal of chemical theory and computation},
  volume={15},
  number={8},
  pages={4699--4707},
  year={2019},
  publisher={ACS Publications}
}

@article{sarkar2019ph,
  title={pH-Dependent Conformational Changes Due to Ionizable Residues in a Hydrophobic Protein Interior: The Study of L25K and L125K Variants of SNase},
  author={Sarkar, Ankita and Gupta, Pancham Lal and Roitberg, Adrian E},
  journal={The Journal of Physical Chemistry B},
  volume={123},
  number={27},
  pages={5742--5754},
  year={2019},
  publisher={ACS Publications}
}

@article{heck2015multi,
  title={Multi-scale approach to non-adiabatic charge transport in high-mobility organic semiconductors},
  author={Heck, Alexander and Kranz, Julian J and Kubar, Tomas and Elstner, Marcus},
  journal={Journal of chemical theory and computation},
  volume={11},
  number={11},
  pages={5068--5082},
  year={2015},
  publisher={ACS Publications}
}

@book{engel2012quantum,
  title={Quantum chemistry and spectroscopy},
  author={Engel, Thomas},
  year={2012},
  publisher={Pearson Higher Ed}
}

@Article{Dewar1985,
  author    = {Dewar, Michael JS and Zoebisch, Eve G and Healy, Eamonn F and Stewart, James JP},
  title     = {Development and use of quantum mechanical molecular models. 76. AM1: a new general purpose quantum mechanical molecular model},
  journal   = {Journal of the American Chemical Society},
  year      = {1985},
  volume    = {107},
  number    = {13},
  pages     = {3902--3909},
  publisher = {ACS Publications},
}

@Article{Galindo2015,
  author    = {Galindo, Johan F and Atas, Evrim and Altan, Aysun and Kuroda, Daniel G and Fernandez-Alberti, Sebastian and Tretiak, Sergei and Roitberg, Adrian E and Kleiman, Valeria D},
  title     = {Dynamics of Energy Transfer in a Conjugated Dendrimer Driven by Ultrafast Localization of Excitations},
  journal   = {Journal of the American Chemical Society},
  year      = {2015},
  volume    = {137},
  number    = {36},
  pages     = {11637--11644},
  publisher = {ACS Publications},
}

@Article{LeDroumaguet2005,
  author    = {Le Droumaguet, C{\'e}line and Mongin, Olivier and Werts, Martinus HV and Blanchard-Desce, Mireille},
  title     = {Towards “smart” multiphoton fluorophores: strongly solvatochromic probes for two-photon sensing of micropolarity},
  journal   = {Chemical communications},
  year      = {2005},
  pages     = {2802--2804},
  publisher = {Royal Society of Chemistry},
}

@Article{Clark2012,
  author    = {Clark, J and Nelson, T and Tretiak, S and Cirmi, G and Lanzani, G},
  title     = {Femtosecond torsional relaxation},
  journal   = {Nature Physics},
  year      = {2012},
  volume    = {8},
  number    = {3},
  pages     = {225--231},
  publisher = {Nature Research},
}

@Article{Walker2008,
  author    = {Walker, Ross C and Crowley, Michael F and Case, David A},
  title     = {The implementation of a fast and accurate QM/MM potential method in Amber},
  journal   = {Journal of computational chemistry},
  year      = {2008},
  volume    = {29},
  number    = {7},
  pages     = {1019--1031},
  publisher = {Wiley Online Library},
}

@Book{Engel2006,
  title     = {Quantum chemistry and spectroscopy},
  publisher = {Pearson Education India},
  year      = {2006},
  author    = {Engel, Thomas},
}

@Article{Tully1998,
  author    = {Sholl, David S and Tully, John C},
  title     = {A generalized surface hopping method},
  journal   = {The Journal of chemical physics},
  year      = {1998},
  volume    = {109},
  number    = {18},
  pages     = {7702--7710},
  publisher = {AIP},
}

@Article{Karplus2014,
  author    = {Karplus, Martin},
  title     = {Development of multiscale models for complex chemical systems: from H+ H2 to biomolecules (Nobel lecture)},
  journal   = {Angewandte Chemie International Edition},
  year      = {2014},
  volume    = {53},
  number    = {38},
  pages     = {9992--10005},
  publisher = {Wiley Online Library},
}

@PhdThesis{Nelson2013a,
  author = {Nelson, Tammie R},
  title  = {Nonadiabatic excited state molecular dynamics: perspectives for a robust future},
  school = {University of Rochester},
  year   = {2013},
}

@Article{Bjorgaard2015,
  author    = {Bjorgaard, Josiah August and Nelson, T and Kalinin, Kirill and Kuzmenko, V and Velizhanin, Kirill A and Tretiak, Sergei},
  title     = {Simulations of fluorescence solvatochromism in substituted PPV oligomers from excited state molecular dynamics with implicit solvent},
  journal   = {Chemical Physics Letters},
  year      = {2015},
  volume    = {631},
  pages     = {66--69},
  publisher = {Elsevier},
}


@Article{Ondarse-Alvarez2016,
  author    = {Ondarse-Alvarez, D and K{\"o}m{\"u}rl{\"u}, S and Roitberg, AE and Pierdominici-Sottile, G and Tretiak, S and Fernandez-Alberti, S and Kleiman, VD},
  title     = {Ultrafast electronic energy relaxation in a conjugated dendrimer leading to inter-branch energy redistribution},
  journal   = {Physical Chemistry Chemical Physics},
  year      = {2016},
  volume    = {18},
  number    = {36},
  pages     = {25080--25089},
  publisher = {Royal Society of Chemistry},
}

@Article{Hammes-Schiffer1994,
  author    = {Hammes-Schiffer, Sharon and Tully, John C},
  title     = {Proton transfer in solution: Molecular dynamics with quantum transitions},
  journal   = {The Journal of chemical physics},
  year      = {1994},
  volume    = {101},
  number    = {6},
  pages     = {4657--4667},
  publisher = {AIP},
}

@Article{Mukamel1997,
  author    = {Mukamel, Shaul and Tretiak, Sergei and Wagersreiter, Thomas and Chernyak, Vladimir},
  title     = {Electronic coherence and collective optical excitations of conjugated molecules},
  journal   = {Science},
  year      = {1997},
  volume    = {277},
  number    = {5327},
  pages     = {781--787},
  publisher = {American Association for the Advancement of Science},
}

@Article{Tretiak1996,
  author    = {Tretiak, Sergei and Chernyak, Vladimir and Mukamel, Shaul},
  title     = {Recursive density-matrix-spectral-moment algorithm for molecular nonlinear polarizabilities},
  journal   = {The Journal of chemical physics},
  year      = {1996},
  volume    = {105},
  number    = {19},
  pages     = {8914--8928},
  publisher = {AIP},
}

@Article{Tretiak1999,
  author    = {Tretiak, Sergei and Zhang, Wei Min and Chernyak, Vladimir and Mukamel, Shaul},
  title     = {Excitonic couplings and electronic coherence in bridged naphthalene dimers},
  journal   = {Proceedings of the National Academy of Sciences},
  year      = {1999},
  volume    = {96},
  number    = {23},
  pages     = {13003--13008},
  publisher = {National Acad Sciences},
}

@Article{Tommasini2001,
  author    = {Tommasini, M and Chernyak, V and Mukamel, S},
  title     = {Electronic density-matrix algorithm for nonadiabatic couplings in molecular dynamics simulations},
  journal   = {International Journal of Quantum Chemistry},
  year      = {2001},
  volume    = {85},
  number    = {4-5},
  pages     = {225--238},
  publisher = {Wiley Online Library},
}

@Article{Chernyak2000,
  author    = {Chernyak, Vladimir and Mukamel, Shaul},
  title     = {Density-matrix representation of nonadiabatic couplings in time-dependent density functional (TDDFT) theories},
  journal   = {The Journal of Chemical Physics},
  year      = {2000},
  volume    = {112},
  number    = {8},
  pages     = {3572--3579},
  publisher = {AIP},
}

@Article{Send2010,
  author    = {Send, Robert and Furche, Filipp},
  title     = {First-order nonadiabatic couplings from time-dependent hybrid density functional response theory: Consistent formalism, implementation, and performance},
  journal   = {The Journal of chemical physics},
  year      = {2010},
  volume    = {132},
  number    = {4},
  pages     = {044107},
  publisher = {AIP},
}

@Article{Kasha1950,
  author    = {Kasha, Michael},
  title     = {Characterization of electronic transitions in complex molecules},
  journal   = {Discussions of the Faraday society},
  year      = {1950},
  volume    = {9},
  pages     = {14--19},
  publisher = {Royal Society of Chemistry},
}

@Article{Nelson2011,
  author    = {Nelson, Tammie and Fernandez-Alberti, Sebastian and Chernyak, Vladimir and Roitberg, Adrian E and Tretiak, Sergei},
  title     = {Nonadiabatic excited-state molecular dynamics modeling of photoinduced dynamics in conjugated molecules},
  journal   = {The Journal of Physical Chemistry B},
  year      = {2011},
  volume    = {115},
  number    = {18},
  pages     = {5402--5414},
  publisher = {ACS Publications},
}

@Article{Darden1993,
  author    = {Darden, Tom and York, Darrin and Pedersen, Lee},
  title     = {Particle mesh Ewald: An N log (N) method for Ewald sums in large systems},
  journal   = {The Journal of chemical physics},
  year      = {1993},
  volume    = {98},
  number    = {12},
  pages     = {10089--10092},
  publisher = {AIP},
}

@Article{Fernandez-Alberti2009,
  author    = {Fernandez-Alberti, Sebastian and Kleiman, Valeria D and Tretiak, Sergei and Roitberg, Adrian E},
  title     = {Nonadiabatic molecular dynamics simulations of the energy transfer between building blocks in a phenylene ethynylene dendrimer},
  journal   = {The Journal of Physical Chemistry A},
  year      = {2009},
  volume    = {113},
  number    = {26},
  pages     = {7535--7542},
  publisher = {ACS Publications},
}

@Article{FernandezAlberti2010,
  author    = {Fernandez-Alberti, S and Kleiman, Valeria D and Tretiak, S and Roitberg, Adrian E},
  title     = {Unidirectional Energy Transfer in Conjugated Molecules: The Crucial Role of High-Frequency C C Bonds},
  journal   = {The Journal of Physical Chemistry Letters},
  year      = {2010},
  volume    = {1},
  number    = {18},
  pages     = {2699--2704},
  publisher = {ACS Publications},
}

@Article{FernandezAlberti2012,
  author    = {Fernandez-Alberti, S and Roitberg, Adrian E and Kleiman, Valeria D and Nelson, T and Tretiak, S},
  title     = {Shishiodoshi unidirectional energy transfer mechanism in phenylene ethynylene dendrimers},
  journal   = {The Journal of chemical physics},
  year      = {2012},
  volume    = {137},
  number    = {22},
  pages     = {22A526},
  publisher = {AIP},
}

@Article{Santhanamoorthi2009,
  author    = {Santhanamoorthi, N and Senthilkumar, K and Kolandaivel, P},
  title     = {Absorption and emission properties of phenylene ethynylene oligomers: effect of substitution and $\pi$-conjugation length},
  journal   = {Molecular Physics},
  year      = {2009},
  volume    = {107},
  number    = {16},
  pages     = {1629--1639},
  publisher = {Taylor \& Francis},
}

@Article{Segura2005,
  author    = {Segura, Jos{\'e} L and Mart{\'\i}n, Nazario and Guldi, Dirk M},
  title     = {Materials for organic solar cells: The C 60/$\pi$-conjugated oligomer approach},
  journal   = {Chemical Society Reviews},
  year      = {2005},
  volume    = {34},
  number    = {1},
  pages     = {31--47},
  publisher = {Royal Society of Chemistry},
}

@Article{Heeger2010,
  author    = {Heeger, Alan J},
  title     = {Semiconducting polymers: the third generation},
  journal   = {Chemical Society Reviews},
  year      = {2010},
  volume    = {39},
  number    = {7},
  pages     = {2354--2371},
  publisher = {Royal Society of Chemistry},
}

@Article{Sun2012,
  author    = {Sun, Yanming and Welch, Gregory C and Leong, Wei Lin and Takacs, Christopher J and Bazan, Guillermo C and Heeger, Alan J},
  title     = {Solution-processed small-molecule solar cells with 6.7\% efficiency},
  journal   = {Nature materials},
  year      = {2012},
  volume    = {11},
  number    = {1},
  pages     = {44--48},
  publisher = {Nature Publishing Group},
}

@Article{Dou2012,
  author    = {Dou, Letian and You, Jingbi and Yang, Jun and Chen, Chun-Chao and He, Youjun and Murase, Seiichiro and Moriarty, Tom and Emery, Keith and Li, Gang and Yang, Yang},
  title     = {Tandem polymer solar cells featuring a spectrally matched low-bandgap polymer},
  journal   = {Nature Photonics},
  year      = {2012},
  volume    = {6},
  number    = {3},
  pages     = {180--185},
  publisher = {Nature Research},
}

@Article{Pearlman1995,
  author    = {Pearlman, David A and Case, David A and Caldwell, James W and Ross, Wilson S and Cheatham, Thomas E and DeBolt, Steve and Ferguson, David and Seibel, George and Kollman, Peter},
  title     = {AMBER, a package of computer programs for applying molecular mechanics, normal mode analysis, molecular dynamics and free energy calculations to simulate the structural and energetic properties of molecules},
  journal   = {Computer Physics Communications},
  year      = {1995},
  volume    = {91},
  number    = {1-3},
  pages     = {1--41},
  publisher = {Elsevier},
}

@Misc{Frisch2009,
  author    = {Frisch, MJ and Trucks, GW and Schlegel, HB and Scuseria, GE and Robb, MA and Cheeseman, JR and Scalmani, G and Barone, V and Mennucci, B and Petersson, GA and others},
  title     = {Gaussian 09, revision D. 01},
  year      = {2009},
  publisher = {Gaussian, Inc., Wallingford CT},
}

@Article{Reddy2006,
  author    = {Reddy, Govardhan and Yethiraj, Arun},
  title     = {Implicit and explicit solvent models for the simulation of dilute polymer solutions},
  journal   = {Macromolecules},
  year      = {2006},
  volume    = {39},
  number    = {24},
  pages     = {8536--8542},
  publisher = {ACS Publications},
}

@Article{Scholes2011,
  author    = {Scholes, Gregory D and Fleming, Graham R and Olaya-Castro, Alexandra and Van Grondelle, Rienk},
  title     = {Lessons from nature about solar light harvesting},
  journal   = {Nature chemistry},
  year      = {2011},
  volume    = {3},
  number    = {10},
  pages     = {763--774},
  publisher = {Nature Research},
}

@Article{Mathew2014,
  author        = {Mathew, Simon and Yella, Aswani and Gao, Peng and Humphry-Baker, Robin and Curchod, Basile FE and Ashari-Astani, Negar and Tavernelli, Ivano and Rothlisberger, Ursula and Nazeeruddin, Md Khaja and Gr{\"a}tzel, Michael},
  title         = {Dye-sensitized solar cells with 13\% efficiency achieved through the molecular engineering of porphyrin sensitizers},
  journal       = {Nature chemistry},
  year          = {2014},
  volume        = {6},
  number        = {3},
  pages         = {242--247},
  __markedentry = {[dustin:]},
  publisher     = {Nature Research},
}

@Article{Halpin2014,
  author        = {Halpin, Alexei and Johnson, Philip JM and Tempelaar, Roel and Murphy, R Scott and Knoester, Jasper and Jansen, Thomas LC and Miller, RJ Dwayne},
  title         = {Two-dimensional spectroscopy of a molecular dimer unveils the effects of vibronic coupling on exciton coherences},
  journal       = {Nature chemistry},
  year          = {2014},
  volume        = {6},
  number        = {3},
  pages         = {196--201},
  __markedentry = {[dustin:6]},
  publisher     = {Nature Research},
}

@PhdThesis{Nelson2013,
  author      = {Tamie Nelson},
  title       = {Nonadiabatic Excited State Molecular Dynamics},
  institution = {University of Rochester},
  year        = {2013},
}

@Article{Park2013,
  author    = {Park, Young Il and Kuo, Cheng-Yu and Martinez, Jennifer S. and Park, Young-Shin and Postupna, Olena and Zhugayevych, Andriy and Kim, Seungho and Park, Jongwook and Tretiak, Sergei and Wang, Hsing-Lin},
  title     = {Tailored Electronic Structure and Optical Properties of Conjugated Systems through Aggregates and Dipole-Dipole Interactions},
  journal   = {ACS Appl. Mater. Interfaces},
  year      = {2013},
  volume    = {5},
  number    = {11},
  month     = jun,
  pages     = {4685--4695},
  issn      = {1944-8244},
  doi       = {10.1021/am400766w},
  url       = {https://doi.org/10.1021/am400766w},
  comment   = {doi: 10.1021/am400766w},
  publisher = {American Chemical Society},
}

@Article{Burroughes1990,
  author    = {Burroughes, J. H. and Bradley, D. D. C. and Brown, A. R. and Marks, R. N. and Mackay, K. and Friend, R. H. and Burns, P. L. and Holmes, A. B.},
  title     = {Light-emitting diodes based on conjugated polymers},
  journal   = {Nature},
  year      = {1990},
  volume    = {347},
  month     = oct,
  pages     = {539},
  url       = {https://doi.org/10.1038/347539a0},
  publisher = {Nature Publishing Group},
}

@Article{Beljonne1999,
  author    = {Beljonne, D. and Shuai, Z. and Cornil, J. and dos Santos, D. A. and Brédas, J. L.},
  title     = {On the nature of electronic excitations in poly(paraphenylenevinylene): A quantum-chemical investigation},
  journal   = {J. Chem. Phys.},
  year      = {1999},
  volume    = {111},
  number    = {6},
  month     = aug,
  pages     = {2829--2841},
  issn      = {0021-9606},
  doi       = {10.1063/1.479560},
  url       = {https://doi.org/10.1063/1.479560},
  comment   = {doi: 10.1063/1.479560},
  publisher = {American Institute of Physics},
}

@Article{Liess1997,
  author    = {Liess, M. and Jeglinski, S. and Vardeny, Z. V. and Ozaki, M. and Yoshino, K. and Ding, Y. and Barton, T.},
  title     = {Electroabsorption spectroscopy of luminescent and nonluminescent \ensuremath{\pi}-conjugated polymers},
  journal   = {Phys. Rev. B},
  year      = {1997},
  volume    = {56},
  issue     = {24},
  month     = {Dec},
  pages     = {15712--15724},
  doi       = {10.1103/PhysRevB.56.15712},
  url       = {https://link.aps.org/doi/10.1103/PhysRevB.56.15712},
  numpages  = {0},
  publisher = {American Physical Society},
}

@Article{Chandross1997,
  author    = {Chandross, M. and Mazumdar, S. and Liess, M. and Lane, P. A. and Vardeny, Z. V. and Hamaguchi, M. and Yoshino, K.},
  title     = {Optical absorption in the substituted phenylene-based conjugated polymers: Theory and experiment},
  journal   = {Phys. Rev. B},
  year      = {1997},
  volume    = {55},
  issue     = {3},
  month     = {Jan},
  pages     = {1486--1496},
  doi       = {10.1103/PhysRevB.55.1486},
  url       = {https://link.aps.org/doi/10.1103/PhysRevB.55.1486},
  numpages  = {0},
  publisher = {American Physical Society},
}

@Article{Dou2012,
  author    = {Dou, Letian and You, Jingbi and Yang, Jun and Chen, Chun-Chao and He, Youjun and Murase, Seiichiro and Moriarty, Tom and Emery, Keith and Li, Gang and Yang, Yang},
  title     = {Tandem polymer solar cells featuring a spectrally matched low-bandgap polymer},
  journal   = {Nature Photonics},
  year      = {2012},
  volume    = {6},
  month     = feb,
  pages     = {180},
  url       = {https://doi.org/10.1038/nphoton.2011.356},
  publisher = {Nature Publishing Group},
}

@Article{Hutten1999,
  author    = {van Hutten and Paul, F. and Wildeman, Jurjen and Meetsma, Auke and Hadziioannou, Georges},
  title     = {Molecular Packing in Unsubstituted Semiconducting Phenylenevinylene Oligomer and Polymer},
  journal   = {J. Am. Chem. Soc.},
  year      = {1999},
  volume    = {121},
  number    = {25},
  month     = jun,
  pages     = {5910--5918},
  issn      = {0002-7863},
  doi       = {10.1021/ja990934r},
  url       = {https://doi.org/10.1021/ja990934r},
  comment   = {doi: 10.1021/ja990934r},
  publisher = {American Chemical Society},
}

@Article{Bazan1998,
  author    = {Bazan, Guillermo C. and Oldham, Warren J. and Lachicotte, Rene J. and Tretiak, Sergei and Chernyak, Vladimir and Mukamel, Shaul},
  title     = {Stilbenoid Dimers:  Dissection of a Paracyclophane Chromophore},
  journal   = {J. Am. Chem. Soc.},
  year      = {1998},
  volume    = {120},
  number    = {36},
  month     = sep,
  pages     = {9188--9204},
  issn      = {0002-7863},
  doi       = {10.1021/ja973816h},
  url       = {https://doi.org/10.1021/ja973816h},
  comment   = {doi: 10.1021/ja973816h},
  publisher = {American Chemical Society},
}

@Article{Marini2010,
  author    = {Marini, Alberto and Munoz-Losa, Aurora and Biancardi, Alessandro and Mennucci, Benedetta},
  title     = {What is solvatochromism?},
  journal   = {The Journal of Physical Chemistry B},
  year      = {2010},
  volume    = {114},
  number    = {51},
  pages     = {17128--17135},
  publisher = {ACS Publications},
}

@Article{Liu2018,
  author    = {Liu, Jie and Thiel, Walter},
  title     = {An efficient implementation of semiempirical quantum-chemical orthogonalization-corrected methods for excited-state dynamics},
  journal   = {The Journal of chemical physics},
  year      = {2018},
  volume    = {148},
  number    = {15},
  pages     = {154103},
  publisher = {AIP Publishing},
}

@Article{Dral2016,
  author    = {Dral, Pavlo O and Wu, Xin and Spörkel, Lasse and Koslowski, Axel and Weber, Wolfgang and Steiger, Rainer and Scholten, Mirjam and Thiel, Walter},
  title     = {Semiempirical quantum-chemical orthogonalization-corrected methods: theory, implementation, and parameters},
  journal   = {Journal of chemical theory and computation},
  year      = {2016},
  volume    = {12},
  number    = {3},
  pages     = {1082--1096},
  publisher = {ACS Publications},
}

@Article{Miranda2004,
  author        = {Miranda, Paulo B and Moses, Daniel and Heeger, Alan J},
  title         = {Ultrafast photogeneration of charged polarons on conjugated polymer chains in dilute solution},
  journal       = {Physical Review B},
  year          = {2004},
  volume        = {70},
  number        = {8},
  pages         = {085212},
  __markedentry = {[dustin:]},
  publisher     = {APS},
}

@Article{Spanggaard2004,
  author        = {Spanggaard, Holger and Krebs, Frederik C},
  title         = {A brief history of the development of organic and polymeric photovoltaics},
  journal       = {Solar Energy Materials and Solar Cells},
  year          = {2004},
  volume        = {83},
  number        = {2-3},
  pages         = {125--146},
  __markedentry = {[dustin:6]},
  publisher     = {Elsevier},
}

@Online{ToolBox2008,
  author = {Engineering ToolBox},
  title  = {Dynamic Viscosity of common Liquids},
  year   = {2008},
  date   = {05/03/2019},
  url    = {https://www.engineeringtoolbox.com/absolute-viscosity-liquids-d_1259.html},
}

@article{malone2020nexmd,
  title={NEXMD software package for nonadiabatic excited state molecular dynamics simulations},
  author={Malone, Walter and Nebgen, Benjamin and White, Alexander and Zhang, Yu and Song, Huajing and Bjorgaard, Josiah A and Sifain, Andrew E and Rodriguez-Hernandez, Beatriz and Freixas, Victor M and Fernandez-Alberti, Sebastian and others},
  journal={Journal of Chemical Theory and Computation},
  volume={16},
  number={9},
  pages={5771--5783},
  year={2020},
  publisher={ACS Publications}
}

@article{tretiak2002conformational,
  title={Conformational dynamics of photoexcited conjugated molecules},
  author={Tretiak, S and Saxena, A and Martin, RL and Bishop, AR},
  journal={Physical review letters},
  volume={89},
  number={9},
  pages={097402},
  year={2002},
  publisher={APS}
}

@article{balzani2008photochemical,
  title={Photochemical conversion of solar energy},
  author={Balzani, Vincenzo and Credi, Alberto and Venturi, Margherita},
  journal={ChemSusChem: Chemistry \& Sustainability Energy \& Materials},
  volume={1},
  number={1-2},
  pages={26--58},
  year={2008},
  publisher={Wiley Online Library}
}

@article{engel2007evidence,
  title={Evidence for wavelike energy transfer through quantum coherence in photosynthetic systems},
  author={Engel, Gregory S and Calhoun, Tessa R and Read, Elizabeth L and Ahn, Tae-Kyu and Man{\v{c}}al, Tom{\'a}{\v{s}} and Cheng, Yuan-Chung and Blankenship, Robert E and Fleming, Graham R},
  journal={Nature},
  volume={446},
  number={7137},
  pages={782--786},
  year={2007},
  publisher={Nature Publishing Group}
}

@article{caycedo2010light,
  title={Light-harvesting mechanism of bacteria exploits a critical interplay between the dynamics of transport and trapping},
  author={Caycedo-Soler, Felipe and Rodr{\'\i}guez, Ferney J and Quiroga, Luis and Johnson, Neil F},
  journal={Physical review letters},
  volume={104},
  number={15},
  pages={158302},
  year={2010},
  publisher={APS}
}

@article{tavernelli2015nonadiabatic,
  title={Nonadiabatic molecular dynamics simulations: Synergies between theory and experiments},
  author={Tavernelli, Ivano},
  journal={Accounts of chemical research},
  volume={48},
  number={3},
  pages={792--800},
  year={2015},
  publisher={ACS Publications}
}

@book{ozaki2019molecular,
  title={Molecular Spectroscopy: A Quantum Chemistry Approach},
  author={Ozaki, Yukihiro and W{\'o}jcik, Marek Januz and Popp, J{\"u}rgen},
  year={2019},
  publisher={John Wiley \& Sons}
}

@article{christensen2016semiempirical,
  title={Semiempirical quantum mechanical methods for noncovalent interactions for chemical and biochemical applications},
  author={Christensen, Anders S and Kubar, Tomas and Cui, Qiang and Elstner, Marcus},
  journal={Chemical reviews},
  volume={116},
  number={9},
  pages={5301--5337},
  year={2016},
  publisher={ACS Publications}
}

@article{essman1995smooth,
  title={A smooth particle mesh ewald potential},
  author={Essman, U and Perera, L and Berkowitz, ML and Darden, T and Lee, H and Pedersen, LG},
  journal={J. Chem. Phys},
  volume={103},
  pages={8577--8592},
  year={1995}
}

@article{furukawa2015external,
  title={External electric field effects on excited-state intramolecular proton transfer in 4′-N, N-dimethylamino-3-hydroxyflavone in poly (methyl methacrylate) films},
  author={Furukawa, Kazuki and Hino, Kazuyuki and Yamamoto, Norifumi and Awasthi, Kamlesh and Nakabayashi, Takakazu and Ohta, Nobuhiro and Sekiya, Hiroshi},
  journal={The Journal of Physical Chemistry A},
  volume={119},
  number={37},
  pages={9599--9608},
  year={2015},
  publisher={ACS Publications}
}

@article{pople1965approximate,
  title={Approximate self-consistent molecular orbital theory. I. Invariant procedures},
  author={Pople, John A and Santry, D Po and Segal, Gerald A},
  journal={The Journal of Chemical Physics},
  volume={43},
  number={10},
  pages={S129--S135},
  year={1965},
  publisher={American Institute of Physics}
}
